@book{moustapha2003,
  author    = {Moustapha, Hany},
  title     = {Axial and Radial Turbines},
  year      = {2003},
  publisher = {Concepts NREC},
  address   = {White River Junction, Vt.},
  pages     = {x, 358},
  language  = {English},
  isbn      = {9780933283121, 0933283121},
  url       = {https://concordiauniversity.on.worldcat.org/oclc/52985786},
}

@article{lectureslides,
  author    = {Yoshinaka, Tsukasa},
  title     = {Centrifugal Compressor Design},
  year      = {2024},
  publisher = {},
  address   = {},
  pages     = {x, 90},
  language  = {English},
  isbn      = {},
  url       = {},
}


@article{kacker1982meanline,
  title={A Mean Line Prediction Method for Axial Flow Turbine Efficiency},
  author={Kacker, S. C. and Okapuu, U.},
  journal={J. Eng. Gas Turbines Power},
  volume={104},
  number={1},
  pages={111--119},
  year={1982},
  doi={10.1115/1.3227240},
  issn={0742-4795},
  url={https://concordiauniversity.on.worldcat.org/oclc/8518964856}
}


@book{saravanamuttoo2017,
  author    = {Saravanamuttoo, H. I. H.},
  title     = {Gas Turbine Theory},
  edition   = {7th},
  year      = {2017},
  publisher = {Pearson},
  address   = {Harlow, England},
  pages     = {xvii, 606},
  language  = {English},
  isbn      = {9781292093093, 1292093099},
  url       = {https://concordiauniversity.on.worldcat.org/oclc/974487795},
}

@book{farokhi2022,
  title={Aircraft propulsion : cleaner, leaner, and greener},
  author={Farokhi, Saeed},
  year={2022},
  edition={Third edition},
  publisher={Wiley},
  address={Hoboken, NJ},
  pages={xxiv, 1010 pages : illustrations ; 26 cm},
  isbn={9781119718642; 1119718643},
  url={https://concordiauniversity.on.worldcat.org/oclc/1245959653}
}


@book{mdobook,
author = {Joaquim R. R. A. Martins and Andrew Ning},
title = {Engineering Design Optimization},
doi = {10.1017/9781108980647},
isbn = {9781108833417},
month = {January},
publisher = {Cambridge University Press},
address = {Cambridge, UK},
url = {https://mdobook.github.io},
year = {2022}
}
